<ns0:record xmlns:ns0="http://www.loc.gov/MARC21/slim">
    <ns0:leader>00000cam a2200000Ii 4500</ns0:leader>
    <ns0:controlfield tag="001">37862518</ns0:controlfield>
    <ns0:controlfield tag="008">971029r19971996nyua          000 0 eng d</ns0:controlfield>
    <ns0:datafield ind1=" " ind2=" " tag="020">
      <ns0:subfield code="a">0385319428</ns0:subfield>
      <ns0:subfield code="q">(pbk.)</ns0:subfield>
    </ns0:datafield>
    <ns0:datafield ind1=" " ind2=" " tag="020">
      <ns0:subfield code="a">9780385319423</ns0:subfield>
      <ns0:subfield code="q">(pbk.)</ns0:subfield>
    </ns0:datafield>
    <ns0:datafield ind1="0" ind2="4" tag="082">
      <ns0:subfield code="a">973.9/092/2</ns0:subfield>
      <ns0:subfield code="a">B</ns0:subfield>
      <ns0:subfield code="2">21</ns0:subfield>
    </ns0:datafield>
    <ns0:datafield ind1="1" ind2=" " tag="100">
      <ns0:subfield code="a">Lessard, Suzannah.</ns0:subfield>
    </ns0:datafield>
    <ns0:datafield ind1="1" ind2="4" tag="245">
      <ns0:subfield code="a">The architect of desire :</ns0:subfield>
      <ns0:subfield code="b">beauty and danger in the Stanford White family /</ns0:subfield>
      <ns0:subfield code="c">Suzannah Lessard.</ns0:subfield>
    </ns0:datafield>
    <ns0:datafield ind1=" " ind2=" " tag="260">
      <ns0:subfield code="a">New York, N.Y. :</ns0:subfield>
      <ns0:subfield code="b">Delta Trade Paperbacks,</ns0:subfield>
      <ns0:subfield code="c">1997, ©1996.</ns0:subfield>
    </ns0:datafield>
    <ns0:datafield ind1=" " ind2=" " tag="300">
      <ns0:subfield code="a">330 pages :</ns0:subfield>
      <ns0:subfield code="b">illustrations ;</ns0:subfield>
      <ns0:subfield code="c">24 cm</ns0:subfield>
    </ns0:datafield>
    <ns0:datafield ind1=" " ind2=" " tag="336">
      <ns0:subfield code="a">text</ns0:subfield>
      <ns0:subfield code="b">txt</ns0:subfield>
      <ns0:subfield code="2">rdacontent</ns0:subfield>
    </ns0:datafield>
    <ns0:datafield ind1=" " ind2=" " tag="337">
      <ns0:subfield code="a">unmediated</ns0:subfield>
      <ns0:subfield code="b">n</ns0:subfield>
      <ns0:subfield code="2">rdamedia</ns0:subfield>
    </ns0:datafield>
    <ns0:datafield ind1=" " ind2=" " tag="338">
      <ns0:subfield code="a">volume</ns0:subfield>
      <ns0:subfield code="b">nc</ns0:subfield>
      <ns0:subfield code="2">rdacarrier</ns0:subfield>
    </ns0:datafield>
    <ns0:datafield ind1=" " ind2="0" tag="650">
      <ns0:subfield code="a">Murder</ns0:subfield>
      <ns0:subfield code="z">New York (State)</ns0:subfield>
      <ns0:subfield code="z">New York.</ns0:subfield>
    </ns0:datafield>
    <ns0:datafield ind1="0" ind2="0" tag="600">
      <ns0:subfield code="a">Elizabeth</ns0:subfield>
      <ns0:subfield code="b">II</ns0:subfield>
      <ns0:subfield code="d">1853-1906.</ns0:subfield>
    </ns0:datafield>
    <ns0:datafield ind1="1" ind2="0" tag="600">
      <ns0:subfield code="a">Nesbit, Evelyn,</ns0:subfield>
      <ns0:subfield code="d">1884-1967.</ns0:subfield>
    </ns0:datafield>
    <ns0:datafield ind1="1" ind2="0" tag="600">
      <ns0:subfield code="a">Thaw, Harry Kendall,</ns0:subfield>
      <ns0:subfield code="d">1871-1947.</ns0:subfield>
    </ns0:datafield>
    <ns0:datafield ind1="1" ind2="7" tag="600">
      <ns0:subfield code="a">Nesbit, Evelyn,</ns0:subfield>
      <ns0:subfield code="d">1884-1967</ns0:subfield>
      <ns0:subfield code="2">fast</ns0:subfield>
      <ns0:subfield code="0">(OCoLC)fst00265637</ns0:subfield>
    </ns0:datafield>
    <ns0:datafield ind1="1" ind2="7" tag="600">
      <ns0:subfield code="a">Thaw, Harry Kendall,</ns0:subfield>
      <ns0:subfield code="d">1871-1947</ns0:subfield>
      <ns0:subfield code="2">fast</ns0:subfield>
      <ns0:subfield code="0">(OCoLC)fst00316376</ns0:subfield>
    </ns0:datafield>
    <ns0:datafield ind1="1" ind2="7" tag="600">
      <ns0:subfield code="a">White, Stanford,</ns0:subfield>
      <ns0:subfield code="d">1853-1906</ns0:subfield>
      <ns0:subfield code="2">fast</ns0:subfield>
      <ns0:subfield code="0">(OCoLC)fst00006564</ns0:subfield>
    </ns0:datafield>
    <ns0:datafield ind1=" " ind2="7" tag="650">
      <ns0:subfield code="a">Murder.</ns0:subfield>
      <ns0:subfield code="2">fast</ns0:subfield>
      <ns0:subfield code="0">(OCoLC)fst01029781</ns0:subfield>
    </ns0:datafield>
    <ns0:datafield ind1=" " ind2="7" tag="651">
      <ns0:subfield code="a">New York (State)</ns0:subfield>
      <ns0:subfield code="z">New York.</ns0:subfield>
      <ns0:subfield code="2">fast</ns0:subfield>
      <ns0:subfield code="0">(OCoLC)fst01204333</ns0:subfield>
    </ns0:datafield>
  </ns0:record>
